<?xml version="1.0" encoding="UTF-8"?><collection xmlns="http://www.loc.gov/MARC21/slim"><record><leader>00355nam--2200097-i-4500</leader><controlfield tag="001">000017416</controlfield><controlfield tag="002">20161230</controlfield><controlfield tag="005">20161230201032</controlfield><controlfield tag="008">060222s1000------------r-----000-0-eng-d</controlfield><datafield ind1=" " ind2=" " tag="245"><subfield code="a">Actes de la conferince internationale sur l utilisation de l energie atomique a des fins pacifiques, tenue a geneve ... 1955: chimie nucleaire et effets des rayonnment</subfield></datafield><datafield ind1=" " ind2=" " tag="852"><subfield code="a">10891</subfield></datafield></record></collection>